@misc{nvidia:a30,
  author       = {NVIDIA},
  title        = {NVIDIA A30 Datasheet},
  year         = {2022},
  howpublished = {\url{https://www.nvidia.com/content/dam/en-zz/Solutions/data-center/products/a30-gpu/pdf/a30-datasheet.pdf}}
}

@misc{nvidia:rtx3070,
  author       = {GigaByte},
  title        = {RTX 3070 Specifications},
  year         = {2020},
  howpublished = {\url{https://www.gigabyte.com/Graphics-Card/GV-N3070GAMING-OC-8GD-rev-20/sp#sp}}
}

@misc{nvidia:cuSparse,
  author       = {NVIDIA},
  title        = {CuSparse Documentation},
  year         = {2024},
  howpublished = {\url{https://docs.nvidia.com/cuda/cusparse/contents.html}}
}

@misc{nvidia:cudaDeviceProp,
  author       = {NVIDIA},
  title        = {CUDA Documentation: cudaGetDeviceProperties},
  year         = {2020},
  howpublished = {\url{https://docs.nvidia.com/cuda/cuda-runtime-api/group__CUDART__DEVICE.html#group__CUDART__DEVICE_1g1bf9d625a931d657e08db2b4391170f0}}
}

@misc{nvidia:gpu_gems_3,
  author       = {NVIDIA},
  title        = {GPU Gems 3},
  year         = {2007},
  howpublished = {\url{https://developer.nvidia.com/gpugems/gpugems3/contributors}}
}

@misc{cusparse:spmm,
  author       = {NVIDIA},
  title        = {cuSPARSE Documentation: Sparse Matrix-Matrix Multiplication},
  year         = {2024},
  howpublished = {\url{https://docs.nvidia.com/cuda/cusparse/#cusparsespmm}}
}

@misc{cusparse:csr2cscex2,
  author       = {NVIDIA},
  title        = {cuSPARSE Documentation: CSR to CSC conversion},
  year         = {2024},
  howpublished = {\url{https://docs.nvidia.com/cuda/cusparse/#cusparsecsr2cscex2}}
}

@misc{spm:suitesparse,
  author       = {Timothy A. Davis},
  title        = {SuiteSparse},
  year         = {2024},
  howpublished = {\url{https://sparse.tamu.edu/}}
}